@article{song_effectiveness_2024,
	title = {Effectiveness of an {Advance} {Care} {Planning} {Intervention} in {Adults} {Receiving} {Dialysis} and {Their} {Families}: {A} {Cluster} {Randomized} {Clinical} {Trial}},
	volume = {7},
	issn = {2574-3805},
	shorttitle = {Effectiveness of an {Advance} {Care} {Planning} {Intervention} in {Adults} {Receiving} {Dialysis} and {Their} {Families}},
	url = {https://jamanetwork.com/journals/jamanetworkopen/fullarticle/2814337},
	doi = {10.1001/jamanetworkopen.2023.51511},
	language = {en},
	number = {1},
	urldate = {2024-02-02},
	journal = {JAMA Network Open},
	author = {Song, Mi-Kyung and Manatunga, Amita and Plantinga, Laura and Metzger, Maureen and Kshirsagar, Abhijit V. and Lea, Janice and Abdel-Rahman, Emaad M. and Jhamb, Manisha and Wu, Emily and Englert, Jacob and Ward, Sandra E.},
	month = jan,
	year = {2024},
	pages = {e2351511},
	file = {Full Text:/Users/jacob/Zotero/storage/Z586H9RX/Song et al. - 2024 - Effectiveness of an Advance Care Planning Interven.pdf:application/pdf},
}